<record><leader>00000cas a22000007a 4500</leader><controlfield tag="001">25387779</controlfield><controlfield tag="008">920304d18581870nbuwr ne      0    0eng d</controlfield><controlfield tag="009">550</controlfield><datafield ind1=" " ind2=" " tag="010"><subfield code="a">sn 92061766 </subfield></datafield><datafield ind1=" " ind2=" " tag="040"><subfield code="a">NYS</subfield><subfield code="b">eng</subfield><subfield code="c">NYS</subfield><subfield code="d">NVG</subfield><subfield code="d">OCL</subfield><subfield code="d">OCLCG</subfield><subfield code="d">DLC</subfield><subfield code="d">OCLCF</subfield></datafield><datafield ind1=" " ind2=" " tag="042"><subfield code="a">msc</subfield></datafield><datafield ind1=" " ind2=" " tag="043"><subfield code="a">n-us-nb</subfield></datafield><datafield ind1="0" ind2="0" tag="050"><subfield code="a">Newspaper</subfield></datafield><datafield ind1="0" ind2=" " tag="130"><subfield code="a">Nebraska City news (Nebraska City, Neb. : 1858)</subfield></datafield><datafield ind1="1" ind2="0" tag="245"><subfield code="a">Nebraska City news.</subfield></datafield><datafield ind1="3" ind2="3" tag="246"><subfield code="a">Nebraska news</subfield><subfield code="f">May 15, 1858-May 12, 1860</subfield></datafield><datafield ind1=" " ind2=" " tag="260"><subfield code="a">Nebraska City, N.T. [Neb.] : Thos. Morton &amp; Co.,</subfield><subfield code="c">1858-</subfield></datafield><datafield ind1=" " ind2=" " tag="300"><subfield code="a">13 v.</subfield></datafield><datafield ind1=" " ind2=" " tag="310"><subfield code="a">Weekly</subfield></datafield><datafield ind1="0" ind2=" " tag="362"><subfield code="a">Vol. 4, no. 19 (May 15, 1858)-</subfield></datafield><datafield ind1="1" ind2=" " tag="362"><subfield code="a">Ceased in 1870.</subfield></datafield><datafield ind1=" " ind2=" " tag="500"><subfield code="a">Editor: J. Sterling Morton, 1865-1870.</subfield></datafield><datafield ind1=" " ind2=" " tag="580"><subfield code="a">Daily ed.: Daily Nebraska City news, &lt;, Dec. 3, 1864-July 21, 1865&gt;; Nebraska City news (Nebraska City, Neb. : 1867), &lt;, Jan. 4, 1867- Nov. 26, 1869&gt;; Daily Nebraska City news (Nebraska City, Neb. : 1869), 1869-&lt;June 7, 1870&gt;.</subfield></datafield><datafield ind1=" " ind2=" " tag="588"><subfield code="a">Latest issue consulted: Vol. 8, no. 36 (Aug. 30, 1861).</subfield></datafield><datafield ind1=" " ind2="0" tag="651"><subfield code="a">Nebraska City (Neb.)</subfield><subfield code="v">Newspapers.</subfield></datafield><datafield ind1=" " ind2="0" tag="651"><subfield code="a">Otoe County (Neb.)</subfield><subfield code="v">Newspapers.</subfield></datafield><datafield ind1=" " ind2="7" tag="655"><subfield code="a">Newspapers.</subfield><subfield code="2">fast</subfield><subfield code="0">(OCoLC)fst01423814</subfield></datafield><datafield ind1=" " ind2="7" tag="651"><subfield code="a">Nebraska</subfield><subfield code="z">Nebraska City.</subfield><subfield code="2">fast</subfield><subfield code="0">(OCoLC)fst01218603</subfield></datafield><datafield ind1=" " ind2="7" tag="651"><subfield code="a">Nebraska</subfield><subfield code="z">Otoe County.</subfield><subfield code="2">fast</subfield><subfield code="0">(OCoLC)fst01212380</subfield></datafield><datafield ind1="1" ind2=" " tag="700"><subfield code="a">Morton, J. Sterling</subfield><subfield code="q">(Julius Sterling),</subfield><subfield code="d">1832-1902.</subfield></datafield><datafield ind1=" " ind2=" " tag="752"><subfield code="a">United States</subfield><subfield code="b">Nebraska</subfield><subfield code="c">Otoe</subfield><subfield code="d">Nebraska City.</subfield></datafield><datafield ind1="1" ind2=" " tag="775"><subfield code="t">Daily Nebraska City news</subfield><subfield code="w">(DLC)sn 89071128</subfield></datafield><datafield ind1="1" ind2=" " tag="775"><subfield code="t">Nebraska City news (Nebraska City, Neb. : 1867)</subfield></datafield><datafield ind1="1" ind2=" " tag="775"><subfield code="t">Daily Nebraska City news (Nebraska City, Neb. 1869)</subfield></datafield><datafield ind1="1" ind2=" " tag="776"><subfield code="c">Microfilm</subfield><subfield code="d">Nebraska State Historical Society</subfield><subfield code="w">(DLC)sn 95069547</subfield></datafield><datafield ind1="0" ind2="0" tag="780"><subfield code="t">Nebraska news</subfield><subfield code="w">(DLC)sn 92061765</subfield><subfield code="w">(OCoLC)25387630</subfield></datafield><datafield ind1="0" ind2="4" tag="785"><subfield code="t">Nebraska City daily times</subfield></datafield></record>